@online{airfoil_wikipedia,
  author = {Wikipedia},
  title = {{NACA airfoil} Four-digit series.},
  year = 2015,
  url = {http://en.wikipedia.org/wiki/NACA_airfoil},
  urldate = {2015-02-26}
}
